@article{olver2016nist,
  title={NIST Digital Library of Mathematical Functions http://dlmf. nist. gov},
  author={Olver, FWJ and Daalhuis, AB Olde and Lozier, DW and Schneider, BI and Boisvert, RF and Clark, CW and Miller, BR and Saunders, BV},
  journal={Release},
  volume={1},
  pages={22},
  year={2016}
}

@misc{dictionary1890efrona,
  title={Ефрона: в 86 т.(82 т. и 4 доп.)},
  author={словарь Брокгауза, Энциклопедический},
  year={1890},
  publisher={СПб}
}
